@article{ion_spacing,
	author = {James, D. F. V.},
	title = {Quantum Dynamics of Cold Trapped Ions with Application to Quantum Computation.},
	journal = {Applied Physics B: Lasers and Optics},
	volume = {66},
	number = {2},
	pages = {pp. 181â€“90}
}


@book{saleh,
	author = {Bahaa E. A. Saleh and Malvin Carl Teich},
	title = {Fundamentals of photonics},
	publisher = {Wiley Series in Pure and Applied Optics},
	year = {2007},
	edition = {2}
}

% Optional fields: type, address, month, note
@phdthesis{hempel,
	author = {Cornelius Hempel},
	title = {Digital quantum simulation, Schroedinger cat state spectroscopy and setting up a linear ion trap},
	school = {University of Innsbruck},
	year = {2014}
}